@article{yuksel2015some,
  title={On Some Regular Polygons in the Taxicab 3-Space},
  author={Y{\"u}ksel, S{\"u}lejman and {\"O}zcan, M{\"u}nevver},
  journal={KoG},
  volume={19},
  number={19.},
  pages={32--41},
  year={2015},
  publisher={Hrvatsko dru{\v{s}}tvo za geometriju i grafiku}
}